<record xmlns="http://www.loc.gov/MARC21/slim" xmlns:xsi="http://www.w3.org/2001/XMLSchema-instance" xsi:schemaLocation="http://www.loc.gov/MARC21/slim http://www.loc.gov/standards/marcxml/schema/MARC21slim.xsd"><leader>02621nam a2200469   4500</leader><controlfield tag="001">001676900</controlfield><controlfield tag="003">NNU</controlfield><controlfield tag="006">m        d        </controlfield><controlfield tag="007">cr cn |||m|||a</controlfield><controlfield tag="008">140707s1932    le      o     001 0 ara d</controlfield><datafield ind1=" " ind2=" " tag="040"><subfield code="a">NNU</subfield><subfield code="b">eng</subfield><subfield code="c">NNU</subfield></datafield><datafield ind1="0" ind2=" " tag="041"><subfield code="a">ara</subfield><subfield code="a">eng</subfield></datafield><datafield ind1=" " ind2="4" tag="050"><subfield code="a">PJ7745.I84</subfield><subfield code="b">Z33 1932</subfield></datafield><datafield ind1=" " ind2=" " tag="066"><subfield code="c">(3</subfield></datafield><datafield ind1=" " ind2=" " tag="090"><subfield code="a">PJ7615</subfield><subfield code="b">.I7</subfield></datafield><datafield ind1="1" ind2=" " tag="100"><subfield code="6">880-01</subfield><subfield code="a">Ibn D&#257;w&#363;d al-I&#7779;fah&#257;n&#299;, Ab&#363; Bakr Mu&#7717;ammad,</subfield><subfield code="d">868 or 9-909 or 10</subfield></datafield><datafield ind1="1" ind2="0" tag="240"><subfield code="6">880-02</subfield><subfield code="a">Zahrah</subfield></datafield><datafield ind1="1" ind2="3" tag="245"><subfield code="6">880-03</subfield><subfield code="a">al-Ni&#7779;f al-awwal min Kit&#257;b al-zahrah</subfield><subfield code="h">[electronic resource] /</subfield><subfield code="c">ta&#700;l&#299;f Ab&#299; Bakr Mu&#7717;ammad ibn Ab&#299; Sulaym&#257;n al-I&#7779;fah&#257;n&#299; ; i&#699;tan&#225; bi-nashrih Luw&#299;s N&#299;kl al-B&#363;haym&#299; bi-mus&#257;&#699;adat Ibr&#257;h&#299;m &#699;Abd al-Fatt&#257;&#7717; &#7788;&#363;q&#257;n.</subfield></datafield><datafield ind1="3" ind2="0" tag="246"><subfield code="6">880-04</subfield><subfield code="a">Kit&#257;b al-zahrah</subfield></datafield><datafield ind1="1" ind2="5" tag="246"><subfield code="a">Book of the flower</subfield></datafield><datafield ind1=" " ind2=" " tag="260"><subfield code="6">880-05</subfield><subfield code="a">Bayr&#363;t :</subfield><subfield code="b">Ma&#7789;ba&#699;at al-&#256;b&#257;&#700; al-Yas&#363;&#699;iy&#299;n,</subfield><subfield code="c">1932.</subfield></datafield><datafield ind1=" " ind2=" " tag="300"><subfield code="a">online resource (406, 8 p.)</subfield></datafield><datafield ind1="1" ind2=" " tag="490"><subfield code="a">Studies in ancient oriental civilization ;</subfield><subfield code="v">no. 6</subfield></datafield><datafield ind1=" " ind2=" " tag="500"><subfield code="a">"Tubi&#699;a li-awwal marrah naqlan &#699;an al-nuskhah al-wa&#7717;&#299;dah al-makh&#7789;&#363;&#7789;ah f&#299; D&#257;r al-Kutub al-Mi&#7779;r"&#772;--T. p.</subfield></datafield><datafield ind1=" " ind2=" " tag="500"><subfield code="a">Added t.p. and foreword in English with imprint: Chicago University Press.</subfield></datafield><datafield ind1=" " ind2=" " tag="500"><subfield code="a">Title on added t. p.: Kit&#257;b Al-Zahrah (The book of the flower)</subfield></datafield><datafield ind1=" " ind2=" " tag="500"><subfield code="a">Includes indexes.</subfield></datafield><datafield ind1=" " ind2=" " tag="500"><subfield code="a">Part of the Arabic Collections Online (ACO) project, contributed by New York Univeristy Libraries.</subfield></datafield><datafield ind1=" " ind2=" " tag="533"><subfield code="a">Electronic reproduction.</subfield><subfield code="b">New York, N.Y. :</subfield><subfield code="c">New York University,</subfield><subfield code="d">2014.</subfield><subfield code="5">NNU</subfield></datafield><datafield ind1="1" ind2=" " tag="700"><subfield code="a">Nykl, A. R.</subfield><subfield code="q">(Alois Richard),</subfield><subfield code="d">b. 1885.</subfield></datafield><datafield ind1="1" ind2=" " tag="700"><subfield code="a">&#7788;&#363;q&#257;n, Ibr&#257;h&#299;m &#699;Abd al-Fatt&#257;&#7717;,</subfield><subfield code="d">1905-1941.</subfield></datafield><datafield ind1="2" ind2=" " tag="710"><subfield code="a">New York University.</subfield><subfield code="b">Libraries.</subfield></datafield><datafield ind1="0" ind2=" " tag="730"><subfield code="a">Arabic Collections Online.</subfield></datafield><datafield ind1="0" ind2="8" tag="776"><subfield code="i">Print version:</subfield><subfield code="a">Ibn D&#257;w&#363;d al-I&#7779;fah&#257;n&#299;, Ab&#363; Bakr Mu&#7717;ammad, 868 or 9-909 or 10 880-01</subfield><subfield code="t">al-Ni&#7779;f al-awwal min Kit&#257;b al-zahrah</subfield><subfield code="w">(NNU)001676900</subfield></datafield><datafield ind1="4" ind2="0" tag="856"><subfield code="u">http://hdl.handle.net/2333.1/98sf7nrg</subfield></datafield><datafield ind1="1" ind2=" " tag="880"><subfield code="6">100-01/</subfield><subfield code="a">&#1573;&#1576;&#1606; &#1583;&#1575;&#1608;&#1583; &#1575;&#1604;&#1575;&#1589;&#1601;&#1607;&#1575;&#1606;&#1610;&#1548; &#1571;&#1576;&#1608; &#1576;&#1603;&#1585; &#1605;&#1581;&#1605;&#1583;.</subfield></datafield><datafield ind1="1" ind2="2" tag="880"><subfield code="6">240-02/</subfield><subfield code="a">&#1575;&#1604;&#1586;&#1607;&#1585;&#1577;</subfield></datafield><datafield ind1="1" ind2="2" tag="880"><subfield code="6">245-03/</subfield><subfield code="a">&#1575;&#1604;&#1606;&#1589;&#1601; &#1575;&#1604;&#1571;&#1608;&#1604; &#1605;&#1606; &#1603;&#1578;&#1575;&#1576; &#1575;&#1604;&#1586;&#1607;&#1585;&#1577; /</subfield><subfield code="c">&#1578;&#1571;&#1604;&#1610;&#1601; &#1571;&#1576;&#1610; &#1576;&#1603;&#1585; &#1605;&#1581;&#1605;&#1583; &#1576;&#1606; &#1571;&#1576;&#1610; &#1587;&#1604;&#1610;&#1605;&#1606; &#1583;&#1575;&#1608;&#1583; &#1575;&#1604;&#1575;&#1589;&#1601;&#1607;&#1575;&#1606;&#1610; &#1563; &#1575;&#1593;&#1578;&#1606;&#1609; &#1576;&#1606;&#1588;&#1585;&#1607; &#1604;&#1608;&#1610;&#1587; &#1606;&#1610;&#1603;&#1604; &#1575;&#1604;&#1576;&#1608;&#1607;&#1610;&#1605;&#1610; &#1576;&#1605;&#1587;&#1575;&#1593;&#1583;&#1577; &#1575;&#1576;&#1585;&#1575;&#1607;&#1610;&#1605; &#1593;&#1576;&#1583; &#1575;&#1604;&#1601;&#1578;&#1575;&#1581; &#1591;&#1608;&#1602;&#1575;&#1606;.</subfield></datafield><datafield ind1="3" ind2="0" tag="880"><subfield code="6">246-04/</subfield><subfield code="a">&#1603;&#1578;&#1575;&#1576; &#1575;&#1604;&#1586;&#1607;&#1585;&#1577;</subfield></datafield><datafield ind1=" " ind2=" " tag="880"><subfield code="6">260-05/</subfield><subfield code="a">&#1576;&#1610;&#1585;&#1608;&#1578; :</subfield><subfield code="b">&#1605;&#1591;&#1576;&#1593;&#1577; &#1575;&#1604;&#1570;&#1576;&#1575;&#1569; &#1575;&#1604;&#1610;&#1587;&#1608;&#1593;&#1610;&#1610;&#1606;&#1548;</subfield><subfield code="c">1932.</subfield></datafield><datafield ind1=" " ind2="0" tag="830"><subfield code="a">Studies in ancient oriental civilization ;</subfield><subfield code="v">no. 6.</subfield></datafield><datafield ind1=" " ind2=" " tag="959"><subfield code="a">NNU</subfield><subfield code="b">WEB</subfield><subfield code="c">GENI</subfield><subfield code="t">0</subfield><subfield code="m">Electronic access</subfield><subfield code="s">01</subfield></datafield></record>